@article{teach2021,
    author    = {Jingcheng Wang and Yong Zhang and Yun Wei and Yongli Hu and Xinglin Piao and Baocai Yin},
    title     = {Metro Passenger Flow Prediction via Dynamic Hypergraph Convolution Networks},
    journal   = {IEEE Transactions on Intelligent Transportation Systems},
    year      = {2021},
    volume    = {22},
    number    = {12},
    pages     = {7891--7903}
}

@misc{Prophet2017,
  author = {Taylor, Sean J. and Letham, Benjamin},
  title = {Prophet: Forecasting at scale},
  year = {2017},
  publisher = {GitHub},
  journal = {GitHub repository},
  howpublished = {\url{https://github.com/facebook/prophet}},
}

