@misc{wiki:Cluster_analysis,
  author = {Wikipedia},
  title = {Cluster analysis --- Wikipedia{,} The Free Encyclopedia},
  year = {2023},
  url = {https://en.wikipedia.org/wiki/Cluster_analysis},
  note = {[Online; accessed 8-October-2023]}
}

